@article{knuth84,
  author = {Knuth, Donald E.},
  title = {Literate Programming},
  year = {1984},
  issue_date = {May 1984},
  publisher = {Oxford University Press, Inc.},
  address = {USA},
  volume = {27},
  number = {2},
  issn = {0010-4620},
  url = {https://doi.org/10.1093/comjnl/27.2.97},
  doi = {10.1093/comjnl/27.2.97},
  journal = {Comput. J.},
  month = may,
  pages = {97–111},
  numpages = {15}
}



@article{friligkou2024,
	title = {Gene discovery and biological insights into anxiety disorders from a large-scale multi-ancestry genome-wide association study},
	author = {Friligkou, Eleni and {Løkhammer}, Solveig and Cabrera-Mendoza, Brenda and Shen, Jie and He, Jun and Deiana, Giovanni and Zanoaga, Mihaela Diana and Asgel, Zeynep and Pilcher, Abigail and Di Lascio, Luciana and Makharashvili, Ana and Koller, Dora and Tylee, Daniel S. and Pathak, Gita A. and Polimanti, Renato},
	year = {2024},
	month = {09},
	date = {2024-09-18},
	journal = {Nature Genetics},
	doi = {10.1038/s41588-024-01908-2},
	url = {http://dx.doi.org/10.1038/s41588-024-01908-2},
	langid = {en}
}

@article{grimes2002,
	title = {Bias and causal associations in observational research},
	author = {Grimes, David A and Schulz, Kenneth F},
	year = {2002},
	month = {01},
	date = {2002-01},
	journal = {The Lancet},
	pages = {248--252},
	volume = {359},
	number = {9302},
	doi = {10.1016/s0140-6736(02)07451-2},
	url = {http://dx.doi.org/10.1016/S0140-6736(02)07451-2},
	langid = {en}
}
